<record><leader>00000cas a2200000 a 4500</leader><controlfield tag="001">10884374</controlfield><controlfield tag="008">840626d18881888ksuwr ne      0   a0eng d</controlfield><datafield ind1=" " ind2=" " tag="010"><subfield code="a">sn 84029334 </subfield></datafield><datafield ind1=" " ind2=" " tag="040"><subfield code="a">KSH</subfield><subfield code="b">eng</subfield><subfield code="c">KSH</subfield><subfield code="d">NPT</subfield><subfield code="d">OCL</subfield><subfield code="d">OCLCQ</subfield></datafield><datafield ind1=" " ind2=" " tag="042"><subfield code="a">msc</subfield></datafield><datafield ind1="0" ind2="4" tag="245"><subfield code="a">The Allison times.</subfield></datafield><datafield ind1=" " ind2=" " tag="260"><subfield code="a">Allison, Kan. :</subfield><subfield code="b">[s.n.],</subfield><subfield code="c">1888.</subfield></datafield><datafield ind1=" " ind2=" " tag="300"><subfield code="a">1 v. ;</subfield><subfield code="c">55 cm.</subfield></datafield><datafield ind1=" " ind2=" " tag="310"><subfield code="a">Weekly</subfield></datafield><datafield ind1="0" ind2=" " tag="362"><subfield code="a">Vol. 1, no. 19 (Jan. 6, 1888)-v. 2, no. 12 (Nov. 16, 1888).</subfield></datafield><datafield ind1=" " ind2=" " tag="752"><subfield code="a">United States</subfield><subfield code="b">Kansas</subfield><subfield code="c">Decatur</subfield><subfield code="d">Allison.</subfield></datafield><datafield ind1="0" ind2="0" tag="780"><subfield code="t">Allison breeze</subfield><subfield code="w">(DLC)sn 84029332</subfield></datafield><datafield ind1="0" ind2="0" tag="785"><subfield code="t">Jennings times</subfield><subfield code="w">(DLC)sn 84029333</subfield></datafield></record>